<record><leader>00000cas a22000007a 4500</leader><controlfield tag="001">16071897</controlfield><controlfield tag="008">870625d1877187uiauwr ne      0    0eng d</controlfield><datafield ind1=" " ind2=" " tag="010"><subfield code="a">sn 87058382 </subfield></datafield><datafield ind1=" " ind2=" " tag="040"><subfield code="a">INP</subfield><subfield code="b">eng</subfield><subfield code="c">INP</subfield><subfield code="d">OCLCQ</subfield></datafield><datafield ind1=" " ind2=" " tag="042"><subfield code="a">msc</subfield></datafield><datafield ind1="0" ind2="4" tag="245"><subfield code="a">The Peoples paper and Clermont &amp; Oelwein alliance.</subfield></datafield><datafield ind1="3" ind2="0" tag="246"><subfield code="a">People's paper and Clermont and Oelwein alliance</subfield></datafield><datafield ind1="3" ind2="0" tag="246"><subfield code="a">P.P. and alliance</subfield></datafield><datafield ind1="1" ind2="3" tag="246"><subfield code="a">P.P. &amp; alliance</subfield></datafield><datafield ind1="1" ind2="7" tag="246"><subfield code="a">Alliance and peoples paper</subfield></datafield><datafield ind1=" " ind2=" " tag="260"><subfield code="a">Clermont &amp; Oelwein, Fayette Co., Iowa :</subfield><subfield code="b">Clermont Print. Co.</subfield></datafield><datafield ind1=" " ind2=" " tag="300"><subfield code="a">v.</subfield></datafield><datafield ind1=" " ind2=" " tag="310"><subfield code="a">Weekly</subfield></datafield><datafield ind1="1" ind2=" " tag="362"><subfield code="a">Began in July? 1877.</subfield></datafield><datafield ind1=" " ind2=" " tag="515"><subfield code="a">Issues for &lt;July 19, 1877&gt; called also whole no. &lt;380&gt;.</subfield></datafield><datafield ind1=" " ind2=" " tag="588"><subfield code="a">Description based on: Vol. 8, no. 16 (July 19, 1877).</subfield></datafield><datafield ind1=" " ind2=" " tag="752"><subfield code="a">United States</subfield><subfield code="b">Iowa</subfield><subfield code="c">Fayette</subfield><subfield code="d">Clermont.</subfield></datafield><datafield ind1=" " ind2=" " tag="752"><subfield code="a">United States</subfield><subfield code="b">Iowa</subfield><subfield code="c">Fayette</subfield><subfield code="d">Oelwein.</subfield></datafield><datafield ind1="0" ind2="0" tag="780"><subfield code="t">Peoples paper</subfield><subfield code="w">(DLC)sn 84027081</subfield></datafield><datafield ind1="0" ind2="0" tag="785"><subfield code="t">Peoples paper and alliance</subfield><subfield code="w">(DLC)sn 87058383</subfield></datafield></record>